<?xml version="1.0" encoding="UTF-8"?><collection xmlns="http://www.loc.gov/MARC21/slim"><record><leader>00456nam--2200145-i-4500</leader><controlfield tag="001">000038910</controlfield><controlfield tag="002">20161230</controlfield><controlfield tag="005">20161230201042</controlfield><controlfield tag="008">060222s1000------------r-----000-0-eng-d</controlfield><datafield ind1=" " ind2=" " tag="080"><subfield code="a">621.313</subfield></datafield><datafield ind1=" " ind2=" " tag="100"><subfield code="a">Reus, N</subfield></datafield><datafield ind1=" " ind2=" " tag="245"><subfield code="a">Metoda simbolica de transformare a schemelor cu contacte</subfield></datafield><datafield ind1=" " ind2=" " tag="260"><subfield code="a">Bucuresti, Consiliul National Al Inginerilor Si Tehnicienilr, 1969, 11p</subfield></datafield><datafield ind1=" " ind2=" " tag="490"><subfield code="a">A Doa Conf.A Electricienilor.Iv. Sectia Actionari Electrice</subfield></datafield><datafield ind1=" " ind2=" " tag="852"><subfield code="a">31666</subfield></datafield></record></collection>